00582cas a22002291a 4500
001 999298093502836
003 Nz
005 20220201123929.0
008 040106c19969999nz mr ne      0    0eng d
035    $a (NLNZils)929809
035    $a (Nz)8164620
035    $a (NLNZils)929809-ilsdb
035    $a (OCoLC)173421719
040    $a WN $c WN
042    $a nznb
043    $a u-nz---
245 00 $a Look north.
260    $a [Whangarei, N.Z. : $b s.n., $c 1996?-]
310    $a Monthly
362 0  $a 1996?-
651  0 $a Whangarei District (N.Z.) $v Newspapers.
655  7 $a New Zealand newspapers. $2 local $5 Nz
